@article{ibmdeepblue,
  author  = {Feng-hsiung Hsu},
  title   = {IBM’S DEEP BLUE CHESS GRANDMASTER CHIPS.},
  year    = 1999,
  pages   = {70},
  note    = {http://www.csis.pace.edu/~ctappert/dps/pdf/ai-chess-deep.pdf},
}

@misc{googlealphago,
  author       = {David Silver and Aja Huang},
  title        = {Mastering the Game of Go with Deep Neural Networks andTree Search},
  howpublished = {https://gogameguru.com/i/2016/03/deepmind-mastering-go.pdf},
  year         = 2016,
}



@unpublished{entscheidbarkeitovonn,
  author       = {Heinrich Braun},
  title        = {Anhang zu Entscheidbarkeit von $O(n^k)$},
  note         = {Auf Anfrage erhältlich},
  year         = 2016,
}

@unpublished{satzvonricebraun,
  author       = {Heinrich Braun},
  title        = {Anhang zu Satz von Rice},
  note         = {Auf Anfrage erhältlich},
  month        = 4,
  year         = 2016,
}

@unpublished{weiterebeispiele,
  author       = {Heinrich Braun},
  title        = {Weitere Beispiele zum Satz von Rice},
  note         = {Auf Anfrage erhältlich},
  year         = 2016,
}

@unpublished{satzvonricebeweis,
  author       = {Heinrich Braun},
  title        = {Beweisidee zu Satz von Rice},
  note         = {Auf Anfrage erhältlich},
  year         = 2016,
}
